<record><leader>00000cas a2200000 a 4500</leader><controlfield tag="001">16269081</controlfield><controlfield tag="008">870723d198419uunyuer ne      0   z0ben c</controlfield><datafield ind1=" " ind2=" " tag="010"><subfield code="a">sn 92003402 </subfield></datafield><datafield ind1=" " ind2=" " tag="040"><subfield code="a">ACM</subfield><subfield code="b">eng</subfield><subfield code="c">ACM</subfield><subfield code="d">NSD</subfield><subfield code="d">DLC</subfield><subfield code="d">NSD</subfield><subfield code="d">OCLCQ</subfield><subfield code="d">OCLCF</subfield><subfield code="d">OCLCO</subfield></datafield><datafield ind1=" " ind2=" " tag="012"><subfield code="j">0</subfield><subfield code="m">d</subfield></datafield><datafield ind1="1" ind2=" " tag="022"><subfield code="a">1064-427X</subfield><subfield code="l">1064-427X</subfield><subfield code="2">1</subfield></datafield><datafield ind1="1" ind2=" " tag="029"><subfield code="a">AU@</subfield><subfield code="b">000020226929</subfield></datafield><datafield ind1=" " ind2=" " tag="037"><subfield code="b">Probashi Publications, Inc., 85-31 168th St., Rm 2B, Jamaica, NY 11432</subfield></datafield><datafield ind1=" " ind2=" " tag="042"><subfield code="a">nsdp</subfield><subfield code="a">pcc</subfield></datafield><datafield ind1=" " ind2=" " tag="043"><subfield code="a">a-bg---</subfield></datafield><datafield ind1=" " ind2="0" tag="222"><subfield code="a">Praba&#772;si&#772;</subfield><subfield code="b">(New York, N.Y.)</subfield></datafield><datafield ind1="0" ind2="0" tag="245"><subfield code="a">Praba&#772;si&#772; =</subfield><subfield code="b">Probashi.</subfield></datafield><datafield ind1="3" ind2="1" tag="246"><subfield code="a">Probashi</subfield></datafield><datafield ind1=" " ind2=" " tag="260"><subfield code="a">Niuhay&#775;arka :</subfield><subfield code="b">S.M. Ullah</subfield></datafield><datafield ind1=" " ind2=" " tag="300"><subfield code="a">v. :</subfield><subfield code="b">ill. ;</subfield><subfield code="c">42 cm.</subfield></datafield><datafield ind1=" " ind2=" " tag="310"><subfield code="a">Biweekly</subfield></datafield><datafield ind1=" " ind2=" " tag="321"><subfield code="a">Weekly,</subfield><subfield code="b">&lt;May 8, 1992-&gt;</subfield></datafield><datafield ind1="1" ind2=" " tag="362"><subfield code="a">Began in 1984?</subfield></datafield><datafield ind1=" " ind2=" " tag="588"><subfield code="a">Description based on: Barsha 8, san&#775;khya&#772; 19 (25 Bais&#769;a&#772;kha 1399 [i.e. May 8, 1992]).</subfield></datafield><datafield ind1=" " ind2="0" tag="650"><subfield code="a">Bengali newspapers.</subfield></datafield><datafield ind1=" " ind2="7" tag="650"><subfield code="a">Bengali newspapers.</subfield><subfield code="2">fast</subfield><subfield code="0">(OCoLC)fst00830447</subfield></datafield><datafield ind1=" " ind2=" " tag="752"><subfield code="a">United States</subfield><subfield code="b">New York</subfield><subfield code="c">New York</subfield><subfield code="d">New York.</subfield></datafield><datafield ind1="0" ind2="0" tag="785"><subfield code="t">Natu&#772;na praba&#772;si&#772;</subfield><subfield code="x">1525-2698</subfield><subfield code="w">(DLC)sn 99004002</subfield></datafield></record>